%%% Dates
@string{JAN = "Jan"}
@string{FEB = "Feb"}
@string{MAR = "Mar"}
@string{APR = "Apr"}
@string{MAY = "May"}
@string{JUN = "Jun"}
@string{JUL = "Jul"}
@string{AUG = "Aug"}
@string{SEP = "Sep"}
@string{OCT = "Oct"}
@string{NOV = "Nov"}
@string{DEC = "Dec"}

%%% Publishers
@string{AW="Addison-Wesley"}
@string{CP="Cisco Press"}
@string{PH="Prentice Hall"}
@string{SP="Springer"}
@string{SP="PWS Publishing Company"}

%%% Journals
@string{PIEEE = "Proc. of the IEEE"}
@string{IEEEJSAC = "IEEE J. on Sel. Areas in Comm."}
@string{IEEETON = "IEEE/ACM Trans. Networking"}
@string{IEEETCOM = "IEEE Trans. Communications"}
@string{IEEETIT = "IEEE Trans. Information Theory"}
@string{INTERNETWORK = "J. of Internetworking: Research and Experience"}
@string{IJDACS = "International J. on Digital and Analog Communication Systems"}
@string{IJCS = "International J. on Communication Systems"}
@string{ACMTCS = "ACM Trans. Computer Systems"}
@string{JACM = "J. of the ACM"}
@string{MTA = "Multimedia Tools and Applications"}
@string{CC = "Computer Communications"}
@string{IPJ = "Internet Protocol Journal"}
@string{IEEEST = "IEEE Comm. Surveys and Tutorials"}

%%% Magazines
@string{CACM = "Comm. of the ACM"}
@string{COMPUTER = "IEEE Computer Magazine"}
@string{IEEECOM = "IEEE Communications Magazine"}
@string{IEEENET = "IEEE Network Magazine"}
@string{CCR = "ACM SIGCOMM Computer Communication Review"}
@string{ComNet = "Computer Networks"}


%%% Conferences
@string{INFOCOM = "IEEE INFOCOM"}
@string{INFOCOM-workshops = "INFOCOM Workshops"}
@string{GLOBECOM = "IEEE GLOBECOM"}
@string{GINET = "Glob. Internet"}
@string{INET = "INET"}
@string{SIGCOMM = "ACM SIGCOMM"}
@string{SIGMOD = "ACM SIGMOD"}
@string{WWW = "WWW"}
@string{TSWS = "ACM SIGCOMM Network Troubleshooting Workshop"}
@string{PAM = "PAM"}
@string{IMC = "ACM IMC"}
@string{IMW = "ACM IMW"}
@string{SIGMETRICS = "ACM SIGMETRICS"}
@string{HSNMC="High Speed Networking and Multimedia Computing Symp."}
@string{ICNP = "IEEE ICNP"}
@string{ICC = "ICC"}
@string{FTCS = "Int. Symp. on Fault-Tolerant Computing"}
@string{FREENIX = "Freenix"}
@string{USENIX = "Usenix"}
@string{PRDC = "PRDC"}
@string{NSDI="NSDI"}
@string{Networking="IFIP Networking"}
@string{HOTNETS = "SIGCOMM HotNets"}
@string{CONEXT = "ACM CoNEXT"}
@string{NETECON = "NetEcon"}

@inproceedings{kiveris,
  title={{Connected Components in MapReduce and Beyond}},
  author={Kiveris, Raimondas and Lattanzi, Silvio and Mirrokni, Vahab and Rastogi, 	Vibhor and Vassilvitskii, Sergei},
  booktitle={Proceedings of the ACM Symposium on Cloud Computing},
  pages={1--13},
  year={2014},
  organization={ACM}
}

@inproceedings{rastogi,
  title={{Finding Connected Components in Map-Reduce in Logarithmic Rounds}},
  author={Rastogi, Vibhor and Machanavajjhala, Ashwin and Chitnis, Laukik and Das Sarma, Akash},
  booktitle={Data Engineering (ICDE), 2013 IEEE 29th International Conference on},
  pages={50--61},
  year={2013},
  organization={IEEE}
}
  
  
  

